<?xml version="1.0" encoding="UTF-8"?><record xmlns="http://www.loc.gov/MARC21/slim" xmlns:cinclude="http://apache.org/cocoon/include/1.0" xmlns:zs="http://www.loc.gov/zing/srw/">
  <leader>00902cz  a2200193n  4500</leader>
  <controlfield tag="001">n  88609044 </controlfield>
  <controlfield tag="003">DLC</controlfield>
  <controlfield tag="005">20081010075822.0</controlfield>
  <controlfield tag="008">880205nc acannaabn          |b ana      </controlfield>
  <datafield tag="010" ind1=" " ind2=" ">
    <subfield code="a">n  88609044 </subfield>
  </datafield>
  <datafield tag="035" ind1=" " ind2=" ">
    <subfield code="a">(OCoLC)oca02209398</subfield>
  </datafield>
  <datafield tag="040" ind1=" " ind2=" ">
    <subfield code="a">DNAL</subfield>
    <subfield code="b">eng</subfield>
    <subfield code="c">DNAL</subfield>
    <subfield code="d">OCoLC</subfield>
  </datafield>
  <datafield tag="110" ind1="2" ind2=" ">
    <subfield code="a">Zhongguo xu mu shou yi xue hui.</subfield>
    <subfield code="b">Zhu chuan ran bing zhuan ye yan jiu zu</subfield>
  </datafield>
  <datafield tag="410" ind1="2" ind2=" ">
    <subfield code="a">Zhongguo xu mu shou yi xue hui zhu chuan ran bing zhuan ye yan jiu zu</subfield>
  </datafield>
  <datafield tag="410" ind1="2" ind2=" ">
    <subfield code="w">nnea</subfield>
    <subfield code="a">Chung-kuo hsü mu shou i hsüeh hui.</subfield>
    <subfield code="b">Chu chʻuan jan ping chuan yeh yen chiu tsu</subfield>
  </datafield>
  <datafield tag="410" ind1="2" ind2=" ">
    <subfield code="a">中國畜牧獸医学會.</subfield>
    <subfield code="b">猪傳染病專業研究組</subfield>
  </datafield>
  <datafield tag="667" ind1=" " ind2=" ">
    <subfield code="a">Machine-derived non-Latin script reference project.</subfield>
  </datafield>
  <datafield tag="667" ind1=" " ind2=" ">
    <subfield code="a">Non-Latin script reference not evaluated.</subfield>
  </datafield>
  <datafield tag="670" ind1=" " ind2=" ">
    <subfield code="a">Chu ti chu yao chʻuan jan ping chi chʻi fang chih fang fa, 1956:</subfield>
    <subfield code="b">t.p. (Chung-kuo hsü mu shou i hsüeh hui chu chʻuan jan ping chuan yeh yen chiu tsu)</subfield>
  </datafield>
</record>